@book{cormen2009introduction,
  title={Introduction to algorithms},
  author={Cormen, Thomas H and Leiserson, Charles E and Rivest, Ronald L and Stein, Clifford},
  year={2009},
  publisher={MIT press}
}

 @misc{brilliant, 
    title={Bellman-ford algorithm}, howpublished={\url{https://brilliant.org/wiki/bellman-ford-algorithm/}}, 
    note={Brilliant Math \& Science Wiki}
 } 

@inproceedings{MST, 
    author = {Chou, W. and Kershenbaum, A.}, 
    title = {A Unified Algorithm for Designing Multidrop Teleprocessing Networks}, 
    year = {1973}, 
    publisher = {Association for Computing Machinery}, 
    address = {New York, NY, USA}, 
    booktitle = {Proceedings of the Third ACM Symposium on Data Communications and Data Networks: Analysis and Design}, 
    pages = {148-156}, 
    series = {DATACOMM '73} 
}

%Adding references with LaTeX is simple. Just copy-paste the BibTeX citation here for the paper you wish to reference. You can find them by a quick google search.