@book{cormen2009introduction,
  title={Introduction to algorithms},
  author={Cormen, Thomas H and Leiserson, Charles E and Rivest, Ronald L and Stein, Clifford},
  year={2009},
  publisher={MIT press}
}

 @misc{geeks, 
    title={Applications of Heap Data Structure}, howpublished={\url{https://www.geeksforgeeks.org/applications-of-heap-data-structure}},  
 } 

@misc{huffman, 
    title={Huffman Algorithm}, howpublished={\url{ https://www.programiz.com/dsa/huffman-coding}},
    
 } 

@misc{bri,
    title={Heaps Applications}, howpublished={\url{ https://brilliant.org/wiki/heaps/#applications}},
 } 

%Adding references with LaTeX is simple. Just copy-paste the BibTeX citation here for the paper you wish to reference. You can find them by a quick google search.
